@article{aumentado19,
  title={Geometric Disentanglement for Generative Latent Shape Models},
  author={Aumentado-Armstrong, Tristan and Tsogkas, Stavros and Jepson, Allan and Dickinson, Sven},
  journal={arXiv preprint arXiv:1908.06386},
  year={2019}
}